@inproceedings{Fitzgibbon01b,
	author       = "Fitzgibbon, A.~W.",
	title        = "Simultaneous Linear Estimation of Multiple View Geometry and Lens Distortion",
	booktitle    = "IEEE Conference on Computer Vision and Pattern Recognition",
	year         = "2001",
}
@thesis{KukelovaPhD,
	author = "Kukelova, Z.",
	title        = "Algebraic Methods in Computer Vision",
	school       = "Czech Technical University in Prague",
	year         = 2013,
}
@misc{ceres-solver,
	author = "Sameer Agarwal and Keir Mierle and Others",
	title = "Ceres Solver",
	howpublished = "\url{http://ceres-solver.org}",
}
@misc{tbb,
	title = "IntelÂ® TBB",
	howpublished  = "\url{https://www.threadingbuildingblocks.org/}",
}
@misc{glog,
	title = "Google logging",
	howpublished  = "\url{https://github.com/google/glog}",
}
@misc{gtest,
	title = "Google Test",
	howpublished  = "\url{https://github.com/google/googletest}",
}
@misc{sophus,
	title = "Sophus",
	howpublished  = "\url{https://github.com/strasdat/Sophus}",
}
@misc{eigen,
	title = "Eigen",
	howpublished  = "\url{https://eigen.tuxfamily.org/}",
}
@article{opencv_library,
	author = {Bradski, G.},
	citeulike-article-id = {2236121},
	journal = {Dr. Dobb's Journal of Software Tools},
	keywords = {bibtex-import},
	posted-at = {2008-01-15 19:21:54},
	priority = {4},
	title = {{The OpenCV Library}},
	year = {2000}
}
@article{Sturm:2005:FLC:1090456.1649082,
	author = {Sturm, P. and Cheng, Z. L. and Chen, P. C. Y. and Poo, A. N.},
	title = {Focal Length Calibration from Two Views: Method and Analysis of Singular Cases},
	journal = {Comput. Vis. Image Underst.},
	issue_date = {July 2005},
	volume = {99},
	number = {1},
	month = jul,
	year = {2005},
	issn = {1077-3142},
	pages = {58--95},
	numpages = {38},
}